@article{sleator,
  author = {Sleator, Daniel Dominic and Tarjan, Robert Endre},
  title = {Self Adjusting Heaps},
  journal = {SIAM J. Comput.},
  issue_date = {Feb. 1986},
  volume = {15},
  number = {1},
  month = feb,
  year = {1986},
  issn = {0097-5397},
  pages = {52--69},
  numpages = {18},
  url = {http://dx.doi.org/10.1137/0215004},
  doi = {10.1137/0215004},
  acmid = {13539},
  publisher = {Society for Industrial and Applied Mathematics},
  address = {Philadelphia, PA, USA},
}

@article{vaucher,
  author = {Vaucher, Jean G. and Duval, Pierre},
  title = {A Comparison of Simulation Event List Algorithms},
  journal = {Commun. ACM},
  issue_date = {April 1975},
  volume = {18},
  number = {4},
  month = apr,
  year = {1975},
  issn = {0001-0782},
  pages = {223--230},
  numpages = {8},
  url = {http://doi.acm.org.focus.lib.kth.se/10.1145/360715.360758},
  doi = {10.1145/360715.360758},
  acmid = {360758},
  publisher = {ACM},
  address = {New York, NY, USA},
  keywords = {discrete system simulation, event list algorithm, event scheduling routine, simulation, simulation executive, sorting, time flow mechanism},
}

@article{Jones,
  author = {Jones, Douglas W.},
  title = {An Empirical Comparison of Priority-queue and Event-set Implementations},
  journal = {Commun. ACM},
  issue_date = {April 1986},
  volume = {29},
  number = {4},
  month = apr,
  year = {1986},
  issn = {0001-0782},
  pages = {300--311},
  numpages = {12},
  url = {http://doi.acm.org.focus.lib.kth.se/10.1145/5684.5686},
  doi = {10.1145/5684.5686},
  acmid = {5686},
  publisher = {ACM},
  address = {New York, NY, USA},
} 

@article{McCormack,
  author = {McCormack, William M. and Sargent, Robert G.},
  title = {Analysis of Future Event Set Algorithms for Discrete Event Simulation},
  journal = {Commun. ACM},
  issue_date = {Dec. 1981},
  volume = {24},
  number = {12},
  month = dec,
  year = {1981},
  issn = {0001-0782},
  pages = {801--812},
  numpages = {12},
  url = {http://doi.acm.org.focus.lib.kth.se/10.1145/358800.358803},
  doi = {10.1145/358800.358803},
  acmid = {358803},
  publisher = {ACM},
  address = {New York, NY, USA},
  keywords = {data structures, simulation event set, time flow mechanisms},
}

@article{Ronngren,
  author = {R\"{o}nngren, Robert and Riboe, Jens and Ayani, Rassul},
  title = {Lazy Queue: An Efficient Implementation of the Pending-event Set},
  journal = {SIGSIM Simul. Dig.},
  issue_date = {April 1991},
  volume = {21},
  number = {3},
  month = apr,
  year = {1991},
  issn = {0163-6103},
  pages = {194--204},
  numpages = {11},
  url = {http://doi.acm.org/10.1145/106073.306860},
  doi = {10.1145/106073.306860},
  acmid = {306860},
  publisher = {ACM},
  address = {New York, NY, USA},
} 

@book{sedgewick,
  author = {Sedgewick, Robert and Wayne, Kevin},
  title = {Algorithms},
  year = {2011},
  isbn = {032157351X, 9780321573513},
  edition = {4th},
  publisher = {Addison-Wesley Professional},
}

@inproceedings{coffman1968computer,
  title={Computer scheduling methods and their countermeasures},
  author={Coffman Jr, Edward G and Kleinrock, Leonard},
  booktitle={Proceedings of the April 30--May 2, 1968, spring joint computer conference},
  pages={11--21},
  year={1968},
  organization={ACM}
}

@inproceedings{arzen2000introduction,
  title={An introduction to control and scheduling co-design},
  author={Arz{\'e}n, K-E and Cervin, Anton and Eker, Johan and Sha, Lui},
  booktitle={Decision and Control, 2000. Proceedings of the 39th IEEE Conference on},
  volume={5},
  pages={4865--4870},
  year={2000},
  organization={IEEE}
}